@Article{countrycode,
  title = {countrycode: An R package to convert country names and country codes},
  author = {Vincent Arel-Bundock and Nils Enevoldsen and CJ Yetman},
  journal = {Journal of Open Source Software},
  year = {2018},
  volume = {3},
  number = {28},
  pages = {848},
  url = {https://doi.org/10.21105/joss.00848},
}

@Manual{cowplot,
  title = {cowplot: Streamlined Plot Theme and Plot Annotations for 'ggplot2'},
  author = {Claus O. Wilke},
  year = {2018},
  note = {R package version 0.9.3},
  url = {https://CRAN.R-project.org/package=cowplot},
}

@Manual{bibtex,
  title = {bibtex: Bibtex Parser},
  author = {Romain Francois},
  year = {2017},
  note = {R package version 0.4.2},
  url = {https://CRAN.R-project.org/package=bibtex},
}

@Manual{dplyr,
  title = {dplyr: A Grammar of Data Manipulation},
  author = {Hadley Wickham and Romain François and Lionel Henry and Kirill Müller},
  year = {2019},
  note = {R package version 0.8.3},
  url = {https://CRAN.R-project.org/package=dplyr},
}

@Manual{ggExtra,
  title = {ggExtra: Add Marginal Histograms to 'ggplot2', and More 'ggplot2'
Enhancements},
  author = {Dean Attali and Christopher Baker},
  year = {2018},
  note = {R package version 0.8},
  url = {https://CRAN.R-project.org/package=ggExtra},
}

@Manual{tidyverse,
  title = {tidyverse: Easily Install and Load the 'Tidyverse'},
  author = {Hadley Wickham},
  year = {2017},
  note = {R package version 1.2.1},
  url = {https://CRAN.R-project.org/package=tidyverse},
}

@Book{ggplot2,
  author = {Hadley Wickham},
  title = {ggplot2: Elegant Graphics for Data Analysis},
  publisher = {Springer-Verlag New York},
  year = {2016},
  isbn = {978-3-319-24277-4},
  url = {https://ggplot2.tidyverse.org},
}

@Manual{ggridges,
  title = {ggridges: Ridgeline Plots in 'ggplot2'},
  author = {Claus O. Wilke},
  year = {2018},
  note = {R package version 0.5.0},
  url = {https://CRAN.R-project.org/package=ggridges},
}

@Manual{kableExtra,
  title = {kableExtra: Construct Complex Table with 'kable' and Pipe Syntax},
  author = {Hao Zhu},
  year = {2018},
  note = {R package version 0.8.0},
  url = {https://CRAN.R-project.org/package=kableExtra},
}

@Manual{knitr1,
  title = {knitr: A General-Purpose Package for Dynamic Report Generation in R},
  author = {Yihui Xie},
  year = {2019},
  note = {R package version 1.25},
  url = {https://yihui.name/knitr/},
}

@Book{knitr2,
  title = {Dynamic Documents with {R} and knitr},
  author = {Yihui Xie},
  publisher = {Chapman and Hall/CRC},
  address = {Boca Raton, Florida},
  year = {2015},
  edition = {2nd},
  note = {ISBN 978-1498716963},
  url = {https://yihui.name/knitr/},
}

@InCollection{knitr3,
  booktitle = {Implementing Reproducible Computational Research},
  editor = {Victoria Stodden and Friedrich Leisch and Roger D. Peng},
  title = {knitr: A Comprehensive Tool for Reproducible Research in {R}},
  author = {Yihui Xie},
  publisher = {Chapman and Hall/CRC},
  year = {2014},
  note = {ISBN 978-1466561595},
  url = {http://www.crcpress.com/product/isbn/9781466561595},
}

@Article{lubridate,
  title = {Dates and Times Made Easy with {lubridate}},
  author = {Garrett Grolemund and Hadley Wickham},
  journal = {Journal of Statistical Software},
  year = {2011},
  volume = {40},
  number = {3},
  pages = {1--25},
  url = {http://www.jstatsoft.org/v40/i03/},
}

@Manual{readr,
  title = {readr: Read Rectangular Text Data},
  author = {Hadley Wickham and Jim Hester and Romain Francois},
  year = {2017},
  note = {R package version 1.1.1},
  url = {https://CRAN.R-project.org/package=readr},
}

@Manual{tidyr,
  title = {tidyr: Easily Tidy Data with 'spread()' and 'gather()' Functions},
  author = {Hadley Wickham and Lionel Henry},
  year = {2018},
  note = {R package version 0.8.0},
  url = {https://CRAN.R-project.org/package=tidyr},
}

@Manual{viridis,
  title = {viridis: Default Color Maps from 'matplotlib'},
  author = {Simon Garnier},
  year = {2018},
  note = {R package version 0.5.1},
  url = {https://CRAN.R-project.org/package=viridis},
}

@Manual{reticulate,
  title = {reticulate: Interface to 'Python'},
  author = {Kevin Ushey and JJ Allaire and Yuan Tang},
  year = {2019},
  note = {R package version 1.13},
  url = {https://CRAN.R-project.org/package=reticulate},
}

@Manual{ggsci,
  title = {ggsci: Scientific Journal and Sci-Fi Themed Color Palettes for
'ggplot2'},
  author = {Nan Xiao},
  year = {2017},
  note = {R package version 2.8},
  url = {https://CRAN.R-project.org/package=ggsci},
}

@Manual{scales,
  title = {scales: Scale Functions for Visualization},
  author = {Hadley Wickham},
  year = {2018},
  note = {R package version 1.0.0},
  url = {https://CRAN.R-project.org/package=scales},
}

@Manual{bibtex,
  title = {bibtex: Bibtex Parser},
  author = {Romain Francois},
  year = {2017},
  note = {R package version 0.4.2},
  url = {https://CRAN.R-project.org/package=bibtex},
}
