%% Dash "\_" is troublesome, use ":" instead.
%% Use hyphen (-) rather than dash (--) for page no intervals. e.g., pages 20-30.

%% book

@Book{mi:handbook03,
  author =       "H.~Ye",
  title =        "Handbook of data mining",
  publisher =    "Lawrence Erlbaum Associates",
  year =         "2003",
}

%% journal article

@Article{mi:article:dunham,
  author =       "Y Xiao and M. H. Dunham",
  title =        "Efficient mining of traversal patterns",
  journal =      "Data and Knowledge Engineering",
  year =         "2001",
  volume =       "39",
  number =       "2",
  pages =        "191--214",
  month =        nov,
}

%% conference paper

@InProceedings{mi:inproc:hmine,
  author =       "J. Pei and J. Han and H. Lu and S. Nishio and S. Tang
                 and D. Yang",
  title =        "{H}-Mine: Hyper-structure mining of frequent patterns
                 in large databases",
  booktitle =    "Proc. of ICDM 2001",
  year =         "2001",
}

